@article{vander1978,
       author= "Antony van der Mude and Adrian Walker",
       title = {On the inference of stochastic regular grammars},
       journal = {Information and Control},
       year =  1978
},

@inproceedings{magerman1990,
       author="David M. Magerman and Mitchell P. Marcus",
       title={Parsing a natural language using mutual information statistics},
       booktitle = {National conference on Artificial intelligence},
       year =  1990
},

@inproceedings{carroll1992,
       author="Glenn Carroll and Eugene Charniak",
       title={Two Experiments on Learning Probabilistic Dependency Grammars from Corpora},
       booktitle = {AAAI},
       year =  1992
},

@article{marcus1994,
       author= "Mitchell P. Marcus and Beatrice Santorini and Mary A. Marcinkiewicz",
       title= {Building a Large Annotated Corpus of English: The Penn Treebank},
       journal = {Computational Linguistics},
       year =  {1994}
},

@PhdThesis{yuret1998,
        author = {Deniz Yuret},
        title = {Discovery of Linguistic Relations Using Lexical Attraction},
        school = {Massachusetts Institute of Technology},
        year = {1998}
},

@inproceedings{vanzaanen2000,
       author="Menno van Zaanen",
       title={ABL: Alignment-based learning},
       booktitle = {COLING 18},
       pages = {961–967},
       year =  2000
},

@article{paskin2002,
       author= "Mark Paskin",
       title = {Grammatical bigrams},
       journal = {Advances in Neural Information Processing Systems},
       year =  {2002}
},


@inproceedings{klein2004,
       author="Dan Klein and Christopher Manning",
       title={Corpus-based induction of syntactic structure: models of dependency and constituency},
       booktitle = {ACL}, 
       year =  {2004}
},

@inproceedings{smith2005,
       author="Noah Smith and Jason Eisner",
       title={Corpus-based induction of syntactic structure: models of dependency and constituency},
       booktitle = {JCAI Workshop on Grammatical Inference Applications},
       pages = {73-82},
       year =  2005
},

@inproceedings{smith2006,
       author="Noah Smith and Jason Eisner",
       title={Annealing structural bias in multilingual weighted grammar induction},
       booktitle = {ACL},
       pages = {569-576},
       year =  2006
},

@article{cohen2008,
      author="Shay B. Cohen and Kevin Gimpel and Noah A. Smith",
      title={Logistic normal priors for unsupervised probabilistic grammar induction},
      journal={In Neural Information Processing Systems},
      pages = {321-–328},
      year = 2008
},

@inproceedings{liang2008,
       author="Percy Liang and Dan Klein",
       title={Analyzing the Errors of Unsupervised Learning},
       booktitle = {ACL},
       year =  2008
},

@inproceedings{headden2009,
       author="William P. HeaddenIII and Mark Johnson and David McClosky",
       title={Improving unsupervised dependency parsing with richer contexts and smoothing.},
       booktitle = {ACL},
       pages = {101-109},
       year =  2009
},

@article{spitkovsky2011b,
       author="Valentin I. Spitkovsky and Hiyan Alshawi and Daniel Jurafsky",
       title={Punctuation: Making a point in unsupervised dependency parsing},
       journal = {CoNLL},
       year =  2011
},

@inproceedings{zeman2012,
       author="Daniel Zeman and David Marecek and Martin Popel and Loganathan Ramasamy and Jan Stepanek and Zdenek Zabokrtsky and Jan Hajic. HamleDT",
       title={To Parse or Not to Parse?},
       booktitle = {LREC},
       year =  2012
}
